<?xml version="1.0" encoding="UTF-8"?><record xmlns="http://www.loc.gov/MARC21/slim" xmlns:cinclude="http://apache.org/cocoon/include/1.0" xmlns:zs="http://www.loc.gov/zing/srw/">
  <leader>00550nz  a2200145n  4500</leader>
  <controlfield tag="001">no2012094885</controlfield>
  <controlfield tag="003">DLC</controlfield>
  <controlfield tag="005">20120716204502.0</controlfield>
  <controlfield tag="008">120713n| acannaabn          |n aaa     c</controlfield>
  <datafield tag="010" ind1=" " ind2=" ">
    <subfield code="a">no2012094885</subfield>
  </datafield>
  <datafield tag="035" ind1=" " ind2=" ">
    <subfield code="a">(OCoLC)oca09248976</subfield>
  </datafield>
  <datafield tag="040" ind1=" " ind2=" ">
    <subfield code="a">N</subfield>
    <subfield code="b">eng</subfield>
    <subfield code="c">N</subfield>
  </datafield>
  <datafield tag="100" ind1="1" ind2=" ">
    <subfield code="a">Ortwein, Michelle,</subfield>
    <subfield code="d">1965-</subfield>
  </datafield>
  <datafield tag="670" ind1=" " ind2=" ">
    <subfield code="a">Finding aid for George Strover Family Papers, 1821-1938 (bulk dates 1831-1869), 1999:</subfield>
    <subfield code="b">t.p. (Michelle Ortwein)</subfield>
  </datafield>
  <datafield tag="670" ind1=" " ind2=" ">
    <subfield code="a">AncestryLibrary.com U.S. Public Records Index, Volume 1, viewed July 12, 2012:</subfield>
    <subfield code="b">(Michelle M Ortwein, Birth Date: 18 Mar 1965)</subfield>
  </datafield>
</record>